@Misc{pecinfo,
  OPTkey = 	 {},
  author = 	 {DIP-Genève},
  title = 	 {Programme {S}cience {I}nformatique},
  howpublished = {Fichier pdf à usage interne},
  month = 	 {novembre},
  year = 	 {2020},
  OPTnote = 	 {},
  OPTannote = 	 {}
}

